@misc{finanzen,
  author = {Maximilian Weingartner AND Philip Plickert},
  puplisher = {Frankfurter Allgemeine Zeitung},
  title = {Asylbewerber kosten bis zu 10 Milliarden Euro },
  year = 2015,
  url = {http://www.faz.net/aktuell/wirtschaft/wirtschaftspolitik/asylbewerber-kosten-bis-zu-10-milliarden-euro-13758770.html},
  HOWPUBLISHED = "Website",
  urldate = {2015-10-24},
  note = {visited on Okt. 24, 2015}
}

@misc{net,
    title={Terahertz applications },
    url={http://thznetwork.net/index.php/thz-images},
    urldate={2014-07-15},
    }



@Book{muller2001bluetooth,
 author = {Muller, Nathan},
 title = {Bluetooth : die Referenz für den neuen Bluetooth-Standard, Protokoll, Architektur, Datenaustausch, Sicherheitsmodelle der Bluetooth-Spezifikation},
 publisher = {Mitp},
 year = {2001},
 address = {Bonn},
 isbn = {3-8266-0738-4} 
 }

@Book{merkle2002digitale,
 author = {Merkle, Andreas AND Anestis Terzis},
 title = {Digitale Funkkommunikation mit Bluetooth : Theorie und Praxis, Bluetooth-Simulator, konkurrierende Systeme},
 publisher = {Franzis},
 year = {2002},
 address = {Poing},
 isbn = {978-3772346545}
 }

@MISC{bluetooth4.2-heise,
  author = {Nico Jurran},
  title = {Rundum-Update für Bluetooth},
  year = 2014,
  url = {http://heise.de/-2463448},
  HOWPUBLISHED = "Website",
  urldate = {2015-02-12},
  note = {zuletzt gesehen: 12.02.2015}
}

@MISC{bluetooth-spec,
  author = {Bluetooth SIG},
  title = {Adopted Bluetooth Core Specifications},
  year = 2015,
  HOWPUBLISHED = "Website",
  url = {https://www.bluetooth.org/en-us/specification/adopted-specifications},
  urldate = {2015-02-12},
  note = {zuletzt gesehen: 12.02.2015}
}

@ONLINE{itwissen,
  Author = {ITWissen.info},
  Publisher = {DATACOM Buchverlag GmbH},
  title = {Bluetooth-Standard},
  year = 2014,
  HOWPUBLISHED = "Website",
  url = {http://www.itwissen.info/definition/lexikon/Bluetooth-Standard-Bluetooth-standard.html},
  urldate = {2015-02-14},
  note = {zuletzt gesehen: 14.02.2015}
}


@book{grundkurs_mobile_kommunikationssysteme,
  Author = {Martin Sauter},
  Title = {Grundkurs Mobile Kommunikationssysteme: UMTS, HSPA und LTE, GSM, GPRS, Wireless LAN und Bluetooth (German Edition)},
  Publisher = {Springer Vieweg},
  Year = {2013},
  ISBN = {3658014601}
}

@TECHREPORT{forschung-bt,
  author = {Dipl. Ing. Gernot Schmid},
  title = {Bestimmung der Exposition bei Verwendung kabelloser Übermittlungsverfahren in Haushalt und Büro},
  year = 2005,
  url = {http://www.emf-forschungsprogramm.de/forschung/dosimetrie/dosimetrie_abges/dosi_030_AB.pdf},
  urldate = {2015-02-17},
  HOWPUBLISHED = "Website",
  note = {zuletzt gesehen: 17.02.2015}
}

@BOOK{Tanenbaum2003verteilte,
	AUTHOR = {Tanenbaum, Andrew S. AND Steen, Maarten van},
	YEAR = {2003},
	TITLE = {Verteilte Systeme - Grundlagen und Paradigmen},
	EDITION = {1. Aufl.},
	ISBN = {978-3-827-37057-0},
	PUBLISHER = {Pearson Education Deutschland GmbH},
	ADDRESS = {Muenchen},
}

@Book{tanenbaum2012computernetzwerke,
 author = {Tanenbaum, Andrew S. AND Prof. David J. Wetherall},
 title = {Computernetzwerke},
 publisher = {Pearson Education Deutschland GmbH},
 year = {2012},
 EDITION = {5., aktualisierte Auflage},
 address = {München},
 isbn = {978-3-868-94137-1}
 }

@BOOK{bluetooth-essentials,
	AUTHOR = {Huang, Albert S. AND Rudolph, Larry},
	YEAR = {2007},
	TITLE = {Bluetooth Essentials for Programmers},
	EDITION = {},
	ISBN = {978-1-139-46546-5},
	PUBLISHER = {Cambridge University Press},
	ADDRESS = {Cambridge},
}

@MISC{bluetooth-stati,
  author = { Prof. Dr. Christoph Meinel},
  puplisher = {Hasso-Plattner-Institut für Softwaresystemtechnik GmbH},
  title = {Die Betriebsmodi von Bluetooth-Geräten},
  year = 2013,
  url = {http://www.internetworking-buch.de/},
  HOWPUBLISHED = "Website",
  urldate = {2015-02-17},
  note = {zuletzt gesehen: 17.02.2015}
}

@MISC{bluetooth-nutshell,
  author = {Clemens Holzmann AND Stefan Oppl},
  puplisher = {Universität Linz},
  title = {Bluetooth in a Nutshell},
  year = 2003,
  HOWPUBLISHED = "Website",
  url = {http://www.lpm.fee.unicamp.br/~carlos_reis/sbmicro2001_1.pdf},
  urldate = {2015-02-18},
  note = {zuletzt gesehen: 18.02.2015}
}

@MISC{Bluetooth-for-Programmers,
  author = {Albert Huangn},
  title = {An Introduction to Bluetooth Programming},
  year = 2005,
  HOWPUBLISHED = "Website",
  url = {http://people.csail.mit.edu/albert/bluez-intro/},
  urldate = {2015-02-20},
  note = {zuletzt gesehen: 20.02.2015}
}

@Book{usb-handbuch,
 author = {Axelson, Jan},
 title = {USB 2.0 : Handbuch für Entwickler},
 publisher = {Mitp},
 year = {2007},
 address = {Heidelberg},
 isbn = {9783826616907}
 }

@Book{usb-messen-steuern,
 author = {Kainka, Burkhard},
 title = {Messen, Steuern und Regeln mit USB : Hard- und Software-Entwicklung für die Praxis},
 publisher = {Franzis},
 year = {2000},
 address = {Poing},
 isbn = {9783772358746}
 }

@MISC{usb-spec3.1,
  author = {USB-IF},
  title = {USB 3.1 Specification},
  year = 2015,
  HOWPUBLISHED = "Website",
  url = {http://www.usb.org/developers/docs/},
  urldate = {2015-02-21},
  note = {zuletzt gesehen: 21.02.2015}
}

@MISC{usb-spec2.0,
  author = {USB-IF},
  title = {USB 2.0 Specification},
  year = 2015,
  HOWPUBLISHED = "Website",
  url = {http://www.usb.org/developers/docs/usb20_docs/},
  urldate = {2015-02-21},
  note = {zuletzt gesehen: 21.02.2015}
}

@MISC{usb-hid,
  author = {USB-IF},
  title = {HID Related Specifications},
  year = 2015,
  HOWPUBLISHED = "Website",
  url = {http://www.usb.org/developers/hidpage#Class_Definitions},
  urldate = {2015-02-21},
  note = {zuletzt gesehen: 21.02.2015}
}

@MISC{usb-usage-tables,
  author = {USB-IF},
  title = {HID Usage Tables},
  year = 2015,
  HOWPUBLISHED = "Website",
  url = {http://www.usb.org/developers/hidpage#HID_Usage},
  urldate = {2015-02-21},
  note = {zuletzt gesehen: 21.02.2015}
}


@MISC{usb-wusb,
  author = {USB-IF},
  title = {Wireless USB from the USB-IF},
  year = 2015,
  HOWPUBLISHED = "Website",
  url = {http://www.usb.org/developers/wusb/},
  urldate = {2015-02-28},
  note = {zuletzt gesehen: 28.02.2015}
}


@MISC{bluetooth-logo,
  author = {pointerbrain.com},
  title = {What is Bluetooth?},
  year = 2015,
  HOWPUBLISHED = "Website",
  url = {http://www.pointerbrain.com/what-is-bluetooth/},
  urldate = {2015-02-23},
  note = {zuletzt gesehen: 23.02.2015}
}

@MISC{bluetooth-hid,
  author = {Bluetooth SIG},
  title = {Human Interface Device Profile (HID)},
  year = 2015,
  HOWPUBLISHED = "Website",
  url = {https://developer.bluetooth.org/TechnologyOverview/Pages/HID.aspx},
  urldate = {2015-02-23},
  note = {zuletzt gesehen: 23.02.2015}
}

@MISC{verteilte-lamport,
  author = {web.mit.edu},
  title = {Principles of Computer Systems},
  year = 2006,
  HOWPUBLISHED = "Website",
  url = {http://web.mit.edu/6.826/www/notes/HO21.pdf},
  urldate = {2015-02-23},
  note = {zuletzt gesehen: 23.02.2015}
}

@BOOK{Bauernhansl2014,
	AUTHOR = {Bauernhansl, Thomas AND Hompel, Michael ten AND Vogel-Heuser, Birgit},
	YEAR = {2014},
	TITLE = {Industrie 4.0 in Produktion, Automatisierung und Logistik - Anwendung, Technologien, Migration},
	EDITION = {2014. Aufl.},
	ISBN = {978-3-658-04681-1},
	PUBLISHER = {Springer Fachmedien Wiesbaden},
	ADDRESS = {Wiesbaden},
}

@MISC{industrie4.0-bmvit,
  organization = {Bundesministerium für Verkehr, Innovation und Technologie (bmvit)},
  title = {Die Fabrik der Zukunft},
  year = 2006,
  HOWPUBLISHED = "Website",
  url = {http://www.bmvit.gv.at/innovation/produktion/fabrik.html},
  urldate = {2015-02-23},
  note = {zuletzt gesehen: 23.02.2015}
}

@MISC{WUSB-cnet,
  author = {Stephen Shankland},
  title = {If at first you don't succeed, try the new wireless USB},
  year = 2014,
  HOWPUBLISHED = "Website",
  url = {http://www.cnet.com/news/if-at-first-you-dont-succeed-try-the-new-wireless-usb/},
  urldate = {2015-02-28},
  note = {zuletzt gesehen: 28.02.2015}
}

@MISC{WUSB-zdnet,
  author = {Bernd Kling},
  title = {Standardisierungsgruppe startet zweiten Versuch bei Wireless USB},
  year = 2014,
  HOWPUBLISHED = "Website",
  url = {http://www.zdnet.de/88187681/standardisierungsgruppe-startet-zweiten-versuch-bei-wireless-usb/?PageSpeed=noscript},
  urldate = {2015-02-28},
  note = {zuletzt gesehen: 28.02.2015}
}

@MISC{ultra-wideband,
  author = {Bundesnetzagentur},
  title = {Ultra-Wideband-Technologie},
  year = 2008,
  HOWPUBLISHED = "Website",
  url = {http://www.bundesnetzagentur.de/cln_1411/SharedDocs/Pressemitteilungen/DE/2008/080116Wideband.html},
  urldate = {2015-02-28},
  note = {zuletzt gesehen: 28.02.2015}
}

@article{bluetooth-echtzeit,
  author = {Jürgen Weczerek},
  title = {Drahtlose Übertragung von Steuersignalen über Bluetooth in der Automatisierung},
  journal = {atp edition},
  year = 2007,
  pages = {67 - 70},
  volume = {12},
}

@misc{industrie40-bmbf,
year= "2013",
title = "Zukunftsbild 'Industrie 4.0'",
howpublished = "Broschüre",
organization ="Bundesministerium für Bildung und Forschung (bmbf)"
}

@MISC{hidapi,
  organization = {Signal 11 Software},
  title = {HID API for Linux, Mac OS X, and Windows},
  year = 2009,
  HOWPUBLISHED = "Website",
  url = {http://www.signal11.us/oss/hidapi/},
  urldate = {2015-03-08},
  note = {zuletzt gesehen: 08.03.2015}
}

@MISC{man-socket,
  organization = {Free Software Foundation, Inc.},
  title = {socket(7) - Linux man page},
  year = 2005,
  HOWPUBLISHED = "Website",
  url = {http://linux.die.net/man/7/socket},
  urldate = {2015-03-12},
  note = {zuletzt gesehen: 12.03.2015}
}

@book{embedded-praxisbuch,
  Author = {Joachim Schröder AND Tilo Gockel AND Rüdiger Dillmann},
  Title = {Embedded Linux: Das Praxisbuch (German Edition)},
  Publisher = {Springer},
  Year = {2009},
 address = {Berlin},
 isbn = {9783540786191}
}

@Book{cps,
 author = {Broy, Manfred},
 title = {Cyber-Physical Systems: Innovation Durch Software-Intensive Eingebettete Systeme},
 publisher = {Springer-Verlag Berlin Heidelberg},
 year = {2010},
 address = {Berlin, Heidelberg},
 isbn = {9783642144981}
 }
